<?xml version="1.0" encoding="UTF-8"?><collection xmlns="http://www.loc.gov/MARC21/slim"><record><leader>00349nam--2200121-i-4500</leader><controlfield tag="001">000006470</controlfield><controlfield tag="002">20161230</controlfield><controlfield tag="005">20161230201026</controlfield><controlfield tag="008">060222s1000------------r-----000-0-eng-d</controlfield><datafield ind1=" " ind2=" " tag="100"><subfield code="a">Brdicka, Rudolf</subfield></datafield><datafield ind1=" " ind2=" " tag="245"><subfield code="a">Grundlagen der physikalischen chemie. 4., beri chtige auflage</subfield></datafield><datafield ind1=" " ind2=" " tag="260"><subfield code="a">Berlin, Veb Deutscher Verlag Der Wiss., 1963</subfield></datafield><datafield ind1=" " ind2=" " tag="490"><subfield code="a">Xxvi + 934 P</subfield></datafield></record></collection>